<record><leader>00000cas a2200000 a 4500</leader><controlfield tag="001">16991519</controlfield><controlfield tag="008">871116d19uu19uuwauwr ne      0    0eng d</controlfield><datafield ind1=" " ind2=" " tag="010"><subfield code="a">sn 87093003 </subfield></datafield><datafield ind1=" " ind2=" " tag="040"><subfield code="a">SLZ</subfield><subfield code="b">eng</subfield><subfield code="c">SLZ</subfield><subfield code="d">OCL</subfield><subfield code="d">OCLCQ</subfield></datafield><datafield ind1=" " ind2=" " tag="042"><subfield code="a">msc</subfield></datafield><datafield ind1=" " ind2=" " tag="043"><subfield code="a">n-us-wa</subfield></datafield><datafield ind1="0" ind2="0" tag="245"><subfield code="a">Finley-Hover Columbian.</subfield></datafield><datafield ind1=" " ind2=" " tag="260"><subfield code="a">Hover, Wash. :</subfield><subfield code="b">J.R. Dunphy</subfield></datafield><datafield ind1=" " ind2=" " tag="300"><subfield code="a">v.</subfield></datafield><datafield ind1=" " ind2=" " tag="310"><subfield code="a">Weekly</subfield></datafield><datafield ind1=" " ind2=" " tag="588"><subfield code="a">Description based on: Vol. 3, no. 21 (Dec. 8, 1933).</subfield></datafield><datafield ind1=" " ind2="0" tag="651"><subfield code="a">Hover (Wash.)</subfield><subfield code="v">Newspapers.</subfield></datafield><datafield ind1=" " ind2=" " tag="752"><subfield code="a">United States</subfield><subfield code="b">Washington</subfield><subfield code="c">Benton</subfield><subfield code="d">Hover.</subfield></datafield><datafield ind1="0" ind2="5" tag="785"><subfield code="t">Benton County independent</subfield><subfield code="g">1941</subfield><subfield code="w">(DLC)sn 87093002</subfield></datafield><datafield ind1="1" ind2=" " tag="029"><subfield code="a">AU@</subfield><subfield code="b">000020488070</subfield></datafield></record>